%% This BibTeX bibliography file was created using BibDesk.
%% http://bibdesk.sourceforge.net/


%% Created for Ricardo Menotti at 2013-04-09 17:58:21 -0300 


%% Saved with string encoding Unicode (UTF-8) 



@book{muchnick,
	Author = {S. Muchnick},
	Date-Modified = {2010-02-09 10:23:42 -0200},
	Publisher = {Morgan Kaufmann Publishers},
	Title = {{Advanced Compiler Design Implementation}},
	Year = {1997}}

@manual{
	Title = {iOS Developer Library}
	Organization = {Apple Inc.}}